@book{stevens2003unix,
  title={UNIX Network Programming, Volume 1: The Sockets Networking API},
  author={Stevens, W. Richard and Fenner, Bill and Rudoff, Andrew M.},
  year={2003},
  publisher={Addison-Wesley Professional}
}

@book{silberschatz2018os,
  title={Operating System Concepts},
  author={Silberschatz, Abraham and Galvin, Peter B. and Gagne, Greg},
  year={2018},
  publisher={Wiley}
}

@online{beejGuide,
  author={Beej Jorgensen},
  title={Beej's Guide to Network Programming},
  url={https://beej.us/guide/bgnet/},
  year={2023}
}

@online{pythonDocsSocket,
  title={socket â€” Low-level networking interface},
  author={Python Software Foundation},
  year={2023},
  url={https://docs.python.org/3/library/socket.html}
}

@online{opencv_canny,
  author = {OpenCV Documentation},
  title = {Canny Edge Detection},
  year = {2023},
  url = {https://docs.opencv.org/3.4/da/d22/tutorial_py_canny.html}
}

@online{geeksforgeeks_canny,
  author = {GeeksforGeeks},
  title = {OpenCV Contour Approximation},
  year = {2023},
  url = {https://www.geeksforgeeks.org/python-opencv-canny-function/}
}

@online{contour_approximation,
  author = {pyimagesearch.},
  title = {Python | OpenCV Canny Function},
  year = {2021},
  url = {https://pyimagesearch.com/2021/10/06/opencv-contour-approximation/}
}

@online{contour,
  author = {OpenCV},
  title = {Contour Features},
  year = {},
  url = {https://docs.opencv.org/4.x/dc/dcf/tutorial_js_contour_features.html}
}


